%%FORECASTING

% 1

@ARTICLE{8412670, 
author={T. Chen and J. M. Lehr and O. Lavrova and M. Martínez-Ramón}, 
journal={IET Generation, Transmission Distribution}, 
title={Distribution feeder-level day-ahead peak load forecasting methods and comparative study}, 
year={2018}, 
volume={12}, 
number={13}, 
pages={3270-3278}, 
keywords={Bayes methods;Gaussian processes;load forecasting;photovoltaic power systems;power distribution planning;power generation planning;regression analysis;trees (mathematics);computation time;forecasting measurements;business area load data;residential area;CKGPR;Gaussian process regression;composite kernel methods;BART method;Bayesian additive regression trees;influential driver factors;correlation analysis;Texas utility;public load data;local utility;private load data;PV generation;distribution feeder-level circuits;daily power distribution;daily power planning;electrical utility;comparative study;distribution feeder-level day-ahead peak load forecasting methods}, 
doi={10.1049/iet-gtd.2017.1745}, 
ISSN={1751-8687}, 
month={},}

% 2

@INPROCEEDINGS{8412036, 
author={L. A. Fernandez-Jimenez and S. Terreros-Olarte and M. Mendoza-Villena and E. Garcia-Garrido and E. Zorzano-Alba and P. M. Lara-Santillan and P. J. Zorzano-Santamaria and A. Falces}, 
booktitle={2017 European Conference on Electrical Engineering and Computer Science (EECS)}, 
title={Day-Ahead Probabilistic Photovoltaic Power Forecasting Models Based on Quantile Regression Neural Networks}, 
year={2017}, 
volume={}, 
number={}, 
pages={289-294}, 
keywords={genetic algorithms;load forecasting;neural nets;photovoltaic power systems;power engineering computing;power markets;regression analysis;weather forecasting;day-ahead probabilistic photovoltaic power forecasting models;quantile regression neural networks;power production;photovoltaic power plant;neural network;input variables;forecasted weather variables;probabilistic short-term forecasting models;power generation;genetic algorithm;chronological variables;astronomical variables;electricity markets;Predictive models;Forecasting;Weather forecasting;Power generation;Atmospheric modeling;Computational modeling;short-term forecasting;solar power forecasting;probabilistic forecasts}, 
doi={10.1109/EECS.2017.60}, 
ISSN={}, 
month={Nov},}

% 3 

@ARTICLE{8413116, 
author={Y. Zhang and J. Wang and T. Zhao}, 
journal={IEEE Transactions on Power Systems}, 
title={Using Quadratic Programming to Optimally Adjust Hierarchical Load Forecasting}, 
year={2018}, 
volume={}, 
number={}, 
pages={1-1}, 
keywords={Load forecasting;Aggregates;Quadratic programming;Load modeling;Decision making;Numerical models;Bottom-up, hierarchical forecasting;quadratic programming;short-term load forecasting;top-down}, 
doi={10.1109/TPWRS.2018.2857628}, 
ISSN={0885-8950}, 
month={},}

% 4

@INPROCEEDINGS{8408964, 
author={E. Akarslan and F. O. Hocaoglu}, 
booktitle={2018 6th International Istanbul Smart Grids and Cities Congress and Fair (ICSG)}, 
title={A novel short-term load forecasting approach using Adaptive Neuro-Fuzzy Inference System}, 
year={2018}, 
volume={}, 
number={}, 
pages={160-163}, 
keywords={educational institutions;fuzzy neural nets;fuzzy reasoning;load forecasting;power engineering computing;power system management;smart power grids;short-term load forecasting approach;smart grid technologies;Afyon Kocatepe University;hourly load demand;consumption parameter;ANFIS model;hour load demand;forecasting model;Adaptive Neuro-Fuzzy Inference System;grid management;Çay vocational high school campus area;Load modeling;Predictive models;Load forecasting;Forecasting;Fuzzy logic;Data models;Training;Adaptive Neuro-Fuzzy Inference Systems;electricity load forecasting;short-term forecasting}, 
doi={10.1109/SGCF.2018.8408964}, 
ISSN={}, 
month={April},}

% 5

@INPROCEEDINGS{8410278, 
author={G. Xi}, 
booktitle={2018 International Conference on Robots Intelligent System (ICRIS)}, 
title={A Novel Stock Price Forecasting Method Using the Dynamic Neural Network}, 
year={2018}, 
volume={}, 
number={}, 
pages={242-245}, 
keywords={autoregressive processes;economic forecasting;financial data processing;investment;neural nets;share prices;stock markets;time series;time series based system;dynamic neural network;stock market investment;NARX neural network;nonlinear systems;stock price forecasting method;nonlinear autoregressive with exogenous input;Poly Real Estate;Industrial and Commercial Bank of China;Conferences;Robots;Intelligent systems;Stock price forecasting;dynamic neural network;NARX Neural network;Hidden unit;Output unit}, 
doi={10.1109/ICRIS.2018.00069}, 
ISSN={}, 
month={May},}

% 6

@ARTICLE{8410563, 
author={Y. Zhang and W. Song and M. Karimi and C. Chi and A. Kudreyko}, 
journal={IEEE Access}, 
title={Fractional Autoregressive Integrated Moving Average and Finite-Element Modal: The Forecast of Tire Vibration Trend}, 
year={2018}, 
volume={6}, 
number={}, 
pages={40137-40142}, 
keywords={Tires;Vibrations;Mathematical model;Forecasting;Analytical models;Vehicle dynamics;Market research;Fractional auto-regressive integrated moving average;finite-element method;long-range dependence;tire dynamics;trend forecasting}, 
doi={10.1109/ACCESS.2018.2855147}, 
ISSN={2169-3536}, 
month={},}

% 7

@INPROCEEDINGS{8403331, 
author={S. Bandyopadhyay and J. Hazra and S. Kalyanaraman}, 
booktitle={2018 IEEE Power Energy Society Innovative Smart Grid Technologies Conference (ISGT)}, 
title={A machine learning based heating and cooling load forecasting approach for DHC networks}, 
year={2018}, 
volume={}, 
number={}, 
pages={1-5}, 
keywords={distributed power generation;distribution networks;load flow;optimisation;photovoltaic power systems;power engineering computing;power markets;renewable energy sources;smart power grids;2018 IEEE Power & Energy Society Innovative Smart Grid Technologies Conference;ISGT;load flow;renewable energy sources;smart power grids;distribution networks;optimisation;power markets;photovoltaic power systems;power engineering computing;distributed power generation;Cooling;Heating systems;Meteorology;Load modeling;Buildings;Machine learning;Data models}, 
doi={10.1109/ISGT.2018.8403331}, 
ISSN={2472-8152}, 
month={Feb},}

% 8

@ARTICLE{8408773, 
author={X. Luo and J. Sun and L. Wang and W. Wang and W. Zhao and J. Wu and J. Wang and Z. Zhang}, 
journal={IEEE Transactions on Industrial Informatics}, 
title={Short-term Wind Speed Forecasting via Stacked Extreme Learning Machine With Generalized Correntropy}, 
year={2018}, 
volume={}, 
number={}, 
pages={1-1}, 
keywords={Forecasting;Wind speed;Autoregressive processes;Computational modeling;Informatics;Machine learning;Predictive models;Stacked extreme learning machine (SELM);generalized correntropy;wind speed forecasting;auto-encoder}, 
doi={10.1109/TII.2018.2854549}, 
ISSN={1551-3203}, 
month={},}

% 9 

@INPROCEEDINGS{8403372, 
author={L. Zhou and B. Wang and Z. Wang and F. Wang and M. Yang}, 
booktitle={2018 IEEE Power Energy Society Innovative Smart Grid Technologies Conference (ISGT)}, 
title={Seasonal classification and RBF adaptive weight based parallel combined method for day-ahead electricity price forecasting}, 
year={2018}, 
volume={}, 
number={}, 
pages={1-5}, 
keywords={backpropagation;economic forecasting;electricity supply industry;forecasting theory;load forecasting;power engineering computing;power markets;pricing;radial basis function networks;regression analysis;forecasting accuracy;parallel combined forecasting;regressive parallel combined method;DAEPF;ARIMA;BP neural network;SVR;PJM market;forecasting methods;RBF neural network;day-ahead electricity price forecasting;RBF adaptive weight;seasonal classification;Predictive models;Forecasting;Data models;Analytical models;Power systems;Neural networks;Fitting;Day-ahead electricity price forecasting;seasonal classification;adaptive weight;parallel combined method;RBF fitting}, 
doi={10.1109/ISGT.2018.8403372}, 
ISSN={2472-8152}, 
month={Feb},}

% extra 1

@INPROCEEDINGS{7310722, 
author={L. Zhao and L. Wang}, 
booktitle={2015 IEEE Fifth International Conference on Big Data and Cloud Computing}, 
title={Price Trend Prediction of Stock Market Using Outlier Data Mining Algorithm}, 
year={2015}, 
volume={}, 
number={}, 
pages={93-98}, 
keywords={data mining;economic forecasting;pricing;stock markets;price trend prediction;long term behavior prediction;stock trend prediction;time series algorithms;volatility modelling;price sequence;outlier data mining algorithm;anomalies detection;volume sequence;high frequency tick-by tick data;anomaly trades;stock price;cluster information;Chinese stock market;Market research;Prediction algorithms;Stock markets;Clustering algorithms;Data mining;Time series analysis;Predictive models;Stock trend prediction;data mining;cluster analysis;stock market;anomaly}, 
doi={10.1109/BDCloud.2015.19}, 
ISSN={}, 
month={Aug},}

%%%%%%%%%%%%%%%%%
%%TEMPORAL SERIES

%book

@incollection{morettin2006analise,
  title={An{\'a}lise de s{\'e}ries temporais},
  author={Morettin, Pedro A and Toloi, Cl{\'e}lia},
  booktitle={An{\'a}lise de s{\'e}ries temporais},
  year={2006}
}

@book{hyndman2018forecasting,
  title={Forecasting: principles and practice},
  author={Hyndman, Rob J and Athanasopoulos, George},
  year={2018},
  publisher={OTexts}
}

@techreport{box1970time,
  title={Time series analysis for casting and control},
  author={Box, George EP and Jenkis, Gwilym M},
  year={1970}
}

% stacionary
@article{21e7a253dfad4e8daaf1e9f480d005a4,
title = "Testing the null hypothesis of stationarity against the alternative of a unit root. How sure are we that economic time series have a unit root?",
abstract = "We propose a test of the null hypothesis that an observable series is stationary around a deterministic trend. The series is expressed as the sum of deterministic trend, random walk, and stationary error, and the test is the LM test of the hypothesis that the random walk has zero variance. The asymptotic distribution of the statistic is derived under the null and under the alternative that the series is difference-stationary. Finite sample size and power are considered in a Monte Carlo experiment. The test is applied to the Nelson-Plosser data, and for many of these series the hypothesis of trend stationarity cannot be rejected.",
author = "Denis Kwiatkowski and Phillips, {Peter C B} and Peter Schmidt and Yongcheol Shin",
year = "1992",
doi = "10.1016/0304-4076(92)90104-Y",
language = "English (US)",
volume = "54",
pages = "159--178",
journal = "Journal of Econometrics",
issn = "0304-4076",
publisher = "Elsevier BV",
number = "1-3",
}

%extra economic + time serie

@INPROCEEDINGS{4810671, 
author={Y. Wen-de and H. Ai-hua}, 
booktitle={2008 IEEE International Symposium on Knowledge Acquisition and Modeling Workshop}, 
title={Study on the Moment and Quantile Functions of Conditional Model of Bivariate Markov Time Series of Order 1}, 
year={2008}, 
volume={}, 
number={}, 
pages={1044-1047}, 
keywords={economic forecasting;financial management;Markov processes;risk management;time series;moment function;quantile function;conditional dependence model;bivariate Markov time series vector;economic application;financial application;univariate series;portfolio risk measure;risk management;economic forecasting;Art;Electronic mail;Economic forecasting;Portfolios;Yttrium;Statistics;Finance;Risk management;Distribution functions;Time series analysis;Copula;Time series;Moment;Quantile;Conditional model}, 
doi={10.1109/KAMW.2008.4810671}, 
ISSN={}, 
month={Dec},}

% parametric

@article{conover1981rank,
  title={Rank transformations as a bridge between parametric and nonparametric statistics},
  author={Conover, William J and Iman, Ronald L},
  journal={The American Statistician},
  volume={35},
  number={3},
  pages={124--129},
  year={1981},
  publisher={Taylor \& Francis}
}
%$ non parametrics

@article{hollander1999nonparametric,
  title={Nonparametric statistical methods},
  author={Hollander, Myles and Wolfe, Douglas A},
  year={1999},
  publisher={Wiley-Interscience}
}

% estacionaria

@article{grenander1957statistical,
  title={Statistical analysis of stationary time series},
  author={Grenander, Ulf and Rosenblatt, Murray},
  year={1957},
  publisher={Wiley}
}

%1

@INPROCEEDINGS{7982030, 
author={C. Lucheroni and C. Ragno}, 
booktitle={2017 14th International Conference on the European Energy Market (EEM)}, 
title={Modeling of wind speed spatio-temporal series by multivariate-GARCH and copula/GARCH models}, 
year={2017}, 
volume={}, 
number={}, 
pages={1-6}, 
keywords={budgeting;metering;power generation economics;spatiotemporal phenomena;statistical analysis;wind power;wind speed spatiotemporal series modeling;multivariate-GARCH models;Copula-GARCH model;t-GARCH models;US metering sites;benchmark model;independent univariate t-GARCH model;t-copula-t-DCC model;t-copula-t-CCC model;unconditional statistical features;conditional statistical features;volatility-oriented modeling;energy finance application;capital budgeting;Data models;Wind speed;Correlation;Biological system modeling;Technological innovation;Finance;Wind speed modeling;stochastic processes;GARCH processes;nonlinear time series analysis;electricity market economics}, 
doi={10.1109/EEM.2017.7982030}, 
ISSN={2165-4093}, 
month={June},}

% 2

@INPROCEEDINGS{7729869, 
author={S. Lobry and F. Tupin and L. Denis}, 
booktitle={2016 IEEE International Geoscience and Remote Sensing Symposium (IGARSS)}, 
title={A decomposition model for scatterers change detection in multi-temporal series of SAR images}, 
year={2016}, 
volume={}, 
number={}, 
pages={3362-3365}, 
keywords={optimisation;radar imaging;synthetic aperture radar;time series;decomposition model;scatterers change detection;multitemporal series;SAR images;synthetic aperture radar;exact optimization method;TerraSAR-X time series;Synthetic aperture radar;Radiometry;Optimization;Estimation;Time series analysis;Speckle;Detection algorithms;Multi-Temporal Synthetic Aperture Radar (SAR);Change detection;Image decomposition;TV;L0}, 
doi={10.1109/IGARSS.2016.7729869}, 
ISSN={2153-7003}, 
month={July},}

% 3 

@INPROCEEDINGS{7164182, 
author={C. Medioni and F. Besse and X. Descombes and G. Malandarne}, 
booktitle={2015 IEEE 12th International Symposium on Biomedical Imaging (ISBI)}, 
title={Motion compensation in two-photon microscopy temporal series}, 
year={2015}, 
volume={}, 
number={}, 
pages={1584-1587}, 
keywords={biomedical optical imaging;brain;cell motility;image sequences;medical image processing;motion compensation;neurophysiology;optical microscopy;two-photon processes;global 3D motion compensation;two-photon microscopy temporal series;live-imaging techniques;cell biology;neuroscience;3D image sequences;neuronal populations;degenerative events degenerative events;pathology;brain development;brain function;long-term imaging;temporal sequence;subtle sub-voxelic displacements;Three-dimensional displays;Motion compensation;Robustness;Microscopy;Standards;Nerve fibers;Probability density function;image registration;two-photon microscopy;neuronal morphogenesis;axonal remodeling}, 
doi={10.1109/ISBI.2015.7164182}, 
ISSN={1945-7928}, 
month={April},}

% 4

@INPROCEEDINGS{7024611, 
author={X. Zhou and J. Ma and W. Du and Y. Li}, 
booktitle={2014 Ninth International Conference on P2P, Parallel, Grid, Cloud and Internet Computing}, 
title={A Dynamic Multiple Digital Watermarking Model based on Temporal Series}, 
year={2014}, 
volume={}, 
number={}, 
pages={367-371}, 
keywords={image watermarking;security of data;temporal logic;time series;dynamic multiple digital watermarking model;temporal series;formal characterization;time-series;temporal logic;security analysis;watermark mapping;volume limitation;Watermarking;Protocols;Joints;Cryptography;Computational modeling;Educational institutions;temporal; watermarking; dynamic; multiple; digital}, 
doi={10.1109/3PGCIC.2014.123}, 
ISSN={}, 
month={Nov},}

% 5

@INPROCEEDINGS{6723283, 
author={A. Alonso-González and C. López-Martínez}, 
booktitle={2013 IEEE International Geoscience and Remote Sensing Symposium - IGARSS}, 
title={Polsar time series temporal change detection and analysis with binary partition trees}, 
year={2013}, 
volume={}, 
number={}, 
pages={2321-2324}, 
keywords={radar polarimetry;remote sensing by radar;synthetic aperture radar;time series;polarimetric synthetic aperture radar;RADARSAT-2 dataset;polarimetric temporal variation;binary partition tree data structure;change detection;PolSAR temporal series datasets;Marine vehicles;Stability analysis;Level measurement;Buildings;Zinc;Covariance matrices;Entropy;Temporal series;Change detection;SAR Polarimetry;Binary Partition Tree}, 
doi={10.1109/IGARSS.2013.6723283}, 
ISSN={2153-6996}, 
month={July},}

% 6

@INPROCEEDINGS{6723610, 
author={L. Jiuliang and L. Zhen}, 
booktitle={2013 IEEE International Geoscience and Remote Sensing Symposium - IGARSS}, 
title={Temporal series analysis of snow water equivalent of satellite passive microwave data in northern seasonal snow classes (1978 amp;x2013;2010)}, 
year={2013}, 
volume={}, 
number={}, 
pages={3606-3609}, 
keywords={data assimilation;remote sensing;snow;time series;temporal series analysis;snow water equivalent;satellite passive microwave data;northern seasonal snow classes;AD 1978 to 2010;NSIDC;GlobSnow;traditional spectral difference method;assimilation algorithm;ground based weather station data;stability;antiphase oscillation;Snow;Microwave radiometry;Microwave theory and techniques;Microwave imaging;Microwave oscillators;Microwave FET integrated circuits;snow water equivalent;passive microwave instrument;snow classes;temporal changes}, 
doi={10.1109/IGARSS.2013.6723610}, 
ISSN={2153-6996}, 
month={July},}

% 7

@INPROCEEDINGS{6707296, 
author={C. Aştefănoaei and D. E. Creangă and E. Pretegiani and L. M. Optican and A. Rufa}, 
booktitle={2013 E-Health and Bioengineering Conference (EHB)}, 
title={Fourier and wavelet transformation of eye movement temporal series}, 
year={2013}, 
volume={}, 
number={}, 
pages={1-4}, 
keywords={biomechanics;biomedical optical imaging;differential equations;eye;Fourier transforms;Haar transforms;infrared imaging;medical signal processing;random processes;wavelet transforms;eye movement temporal series;saccadic eye movement recording;healthy human subject;infrared camera eye tracking system;chaotic signals;random signals;quasiperiodic signals;differential equation;wavelet transform;Fourier transform;quasirectangular shape;Haar function;computational applied testing;temporal data series;Tracking;visual-guided saccade;semi-quantitative tests;dynamics type assignment}, 
doi={10.1109/EHB.2013.6707296}, 
ISSN={}, 
month={Nov},}

% 8

@INPROCEEDINGS{6469509, 
author={Y. Dennemont and G. Bouyer and S. Otmane and M. Mallem}, 
booktitle={2012 3rd International Conference on Image Processing Theory, Tools and Applications (IPTA)}, 
title={A discrete Hidden Markov models recognition module for temporal series: Application to real-time 3D hand gestures}, 
year={2012}, 
volume={}, 
number={}, 
pages={299-304}, 
keywords={computer games;gesture recognition;hidden Markov models;interactive devices;learning (artificial intelligence);discrete hidden Markov model;temporal series;realtime 3D hand gesture recognition;Matlab;Virtools;infrared tracked flystick;personalized learning base;minigame;Hidden Markov models;Real-time systems;Sensors;Gesture recognition;Encoding;Training;Noise;gesture recognition;virtual reality;temporal series classification;3D position;context-awareness}, 
doi={10.1109/IPTA.2012.6469509}, 
ISSN={2154-512X}, 
month={Oct},}
%%%%%%%%%%%%%%%%%%%%%%%%%%%%%%%%%%%%%%%%%%%

@book{weigend2018time,
  title={Time series prediction: forecasting the future and understanding the past},
  author={Weigend, Andreas S},
  year={2018},
  publisher={Routledge},
  address={MA, USA }
}

@incollection{hecht1992theory,
  title={Theory of the backpropagation neural network},
  author={Hecht-Nielsen, Robert},
  booktitle={Neural networks for perception},
  pages={65--93},
  year={1992},
  address={Washington, DC, USA},
  publisher={Elsevier}
  
}

@article{matta2015bitcoin, title={The Predictor Impact of Web Search Media on Bitcoin Trading Volumes}, DOI={10.5220/0005618606200626}, journal={Proceedings of the 7th International Joint Conference on Knowledge Discovery, Knowledge Engineering and Knowledge Management}, author={Matta, Martina and Lunesu, Ilaria and Marchesi, Michele}, year={2015}}

@article{khan2011price,
  title={Price prediction of share market using artificial neural network (ANN)},
  author={Khan, Zabir Haider and Alin, Tasnim Sharmin and Hussain, Md Akter},
  journal={International Journal of Computer Applications},
  volume={22},
  number={2},
  pages={42--47},
  year={2011},
  publisher={Citeseer}
}
@article{lawrence1997using,
  title={Using neural networks to forecast stock market prices},
  author={Lawrence, Ramon},
  journal={University of Manitoba},
  volume={333},
  year={1997},
  publisher={Citeseer}
}
@article{nakamoto2008bitcoin,
  title={Bitcoin: A peer-to-peer electronic cash system},
  author={Nakamoto, Satoshi},
  year={2008}
}

@article{wilson_yelowitz_2014, title={Characteristics of Bitcoin Users: An Analysis of Google Search Data}, DOI={10.2139/ssrn.2518603}, journal={SSRN Electronic Journal}, author={Wilson, Matthew Graham and Yelowitz, Aaron}, year={2014}}

@MastersThesis{mcnally2016predicting,
  title={Predicting the price of Bitcoin using Machine Learning},
  author={McNally, Sean},
  year={2016},
  school={Dublin, National College of Ireland}
}

@misc{GoogleTrends, title={Veja as tendências, os dados e as visualizações mais recentes do Google. Descubra quais são as tendências do momento próximas a você.}, url={https://trends.google.com.br/trends/}, journal={Google Trends}, publisher={Google}}

@misc{TensorFlow, title={TensorFlow}, url={https://www.tensorflow.org/}, journal={TensorFlow},year={2018}, month={Maio}}

@misc{Ethereum, title={Ethereum}, url={https://ethereum.org}, journal={Ethereum},year={2018}, month={Julho}}

@misc{Litecoin, title={Litecoin}, url={https://litecoin.org}, journal={Litecoin},year={2018}, month={Julho}}

@misc{Ripple, title={Ripple}, url={https://ripple.com}, journal={Ripple},year={2018}, month={Julho}}

@misc{BitcoinCash, title={Bitcoin Cash}, url={https://www.bitcoincash.org}, journal={Bitcoin Cash},year={2018}, month={Julho}}

@misc{Coinbase, title={Coinbase}, url={https://https://www.coinbase.com}, journal={Coinbase},year={2018}, month={Julho}}


@misc{Investing, title={A Investing.com Brasil ofecere Cotações Gratuitas em Tempo Real, Câmbio, Gráficos Streaming, Notícias Financeiras, Dados do Mercado de Ações e mais.}, url={https://www.investing.com}, journal={Investing}, publisher={Investing}, author={Investing}, year={2018}, month={Maio}}

@ARTICLE{ChenNeural2001, 
author={K. Chen and V. Kvasnicka and P. C. Kanen and S. Haykin}, 
journal={IEEE Transactions on Neural Networks}, 
title={Neural and Adaptive Systems: Fundamentals Through Simulations}, 
year={2001}, 
volume={12}, 
number={3}, 
pages={648-649}, 
month={May},}

% PCA

@book{Jolliffe:1986,
  abstract = {seems like a great book on PCA -
it shows the connection between PCA and SVD;
talks about how to choose the number of eigenvectors to keep;
discusses outlier detection;
uses PCA for stock prices (Dow Jones)},
  added-at = {2007-12-09T20:51:37.000+0100},
  author = {Jolliffe, I.T.},
  biburl = {https://www.bibsonomy.org/bibtex/21b71c6fb66b439679c9e0974777a8677/marymcglo},
  contents = {(not listed)},
  interhash = {2d412ce0d00e97ad8c2bdbeb053a4977},
  intrahash = {1b71c6fb66b439679c9e0974777a8677},
  keywords = {imported},
  publisher = {Springer Verlag},
  timestamp = {2007-12-09T20:51:38.000+0100},
  title = {Principal Component  Analysis},
  year = 1986
}

% pixabay

@misc{Pixabay, title={Pixabay - Stunning Free Images}, url={https://pixabay.com}, journal={Pixabay},year={2018}, month={Agosto}}

% Bitcoin Double Sha256

@misc{bitcoinwikihashcash, title={Bitcoin Wiki - Hashcash}, url={https://en.bitcoin.it/wiki/Hashcash}, journal={Bitcoin Wiki},year={2018}, month={Novembro}}

% Neural Network

@article{haykin2004comprehensive,
  title={A comprehensive foundation},
  author={Haykin, Simon and Network, Neural},
  journal={Neural networks},
  volume={2},
  number={2004},
  pages={41},
  year={2004}
}

@book{haykin2009neural,
  title={Neural networks and learning machines},
  author={Haykin, Simon S and Haykin, Simon S and Haykin, Simon S and Haykin, Simon S},
  volume={3},
  year={2009},
  publisher={Pearson Upper Saddle River, NJ, USA:}
}

@article{lecun2015deep,
  title={Deep learning},
  author={LeCun, Yann and Bengio, Yoshua and Hinton, Geoffrey},
  journal={nature},
  volume={521},
  number={7553},
  pages={436},
  year={2015},
  publisher={Nature Publishing Group}
}